<?xml version="1.0" encoding="UTF-8"?><collection xmlns="http://www.loc.gov/MARC21/slim"><record><leader>00323nam--2200121-i-4500</leader><controlfield tag="001">000025739</controlfield><controlfield tag="002">20161230</controlfield><controlfield tag="005">20161230201036</controlfield><controlfield tag="008">060222s1000------------r-----000-0-eng-d</controlfield><datafield ind1=" " ind2=" " tag="080"><subfield code="a">061.6:001.818</subfield></datafield><datafield ind1=" " ind2=" " tag="245"><subfield code="a">Institute of plasma physics: annual review:1961-1963</subfield></datafield><datafield ind1=" " ind2=" " tag="260"><subfield code="a">Nagoya, Inst.Of Plasma Physics, 1963</subfield></datafield><datafield ind1=" " ind2=" " tag="852"><subfield code="a">18794</subfield></datafield></record></collection>